% Modelos de referÃªncias
@phdthesis {phd:REF,
  title= {},
  author= {},
  year= {},
  school= {}
}

@article {art:REF,
    title = {},
    author = {},
    journal = {},
    volume = {},
    pages = {},
    year = {},
    issn = {},
    doi = {},
    url = {},
    keywords = {}
}


@book {book:REF,
    author = {},
    title = {},
    publisher = {},
    year = {},
    doi = {},
    address = {},
    edition   = {},
    URL = {},
    eprint = {}
}

@incollection {incol:REF,
  title = {},
  author = {},
  booktitle = {},
  pages = {},
  publisher = {},
  year = {}
}

@inproceedings{inpr:REF,
  author = {},
  title = {},
  booktitle = {},
  series = {},
  volume = {},
  pages = {},
  year = {},
  publisher = {},
  note = {},
  url = {}
}

@misc{misc:REF,
  title={},
  author={},
  year={},
  publisher={}
}
