% Modelos de referências
@article {KAMILARIS201870,
    title = {},
    author = {},
    journal = {},
    volume = {},
    pages = {},
    year = {},
    issn = {},
    doi = {},
    url = {},
    keywords = {}
}

@article {aroeirachemical09,
  title= {},
  author= {},
  journal= {},
  volume= {},
  number= {},
  pages= {},
  year= {},
  publisher= {}
  }


@phdthesis {biazotto2014atividade,
  title= {},
  author= {},
  year= {},
  school= {}
}


@book {graupe2007,
    author = {Flávio Giraldeli},
    title = {Fundamentos de Sistemas Multimidia},
    year = {2024/1},
}

@book {ElonLima,
    author = {Lima, Elon Langes},
    title = {Análise Real Funções de uma Variável},
    publisher = {Instituto Nacional de Matemática Aplicada - IMPA},
    year = {2006},
    address = {Estrada Dona Castorina, 110, Rio de Janeiro, RJ},
    edition   = {Oitava Edição},
    URL = {},
}

@incollection {FlavioGiraldeli,
    author = {Flávio Giraldeli},
    title = {Fundamentos de Sistemas Multimidia},
    year = {2024},
    edition = {primeira edição},
}

@inproceedings{RFB15a,
  author = {},
  title = {},
  booktitle = {},
  series = {},
  volume = {},
  pages = {},
  year = {},
  publisher = {},
  note = {},
  url = {}
}

@inproceedings {albawi2017understanding,
  title = {},
  author = {},
  booktitle = {},
  pages = {},
  year = {},
  organization = {}
}

@misc{li2017recurrent,
  title={},
  author={},
  year={},
  publisher={}
}


% Cap 01


% Cap 02


% Cap 03


% Cap 04
